<?xml version="1.0" encoding="UTF-8"?><collection><record><leader>08088ntm a2200829 a 4500</leader><controlfield tag="001">006822781</controlfield><controlfield tag="003">MiAaHDL</controlfield><controlfield tag="005">20190719000000.0</controlfield><controlfield tag="006">m        d        </controlfield><controlfield tag="007">cr bn ---auaua</controlfield><controlfield tag="008">090624s16uu    xx            00| ||ota d</controlfield><datafield tag="035" ind1=" " ind2=" "><subfield code="a">(MiU)006822781</subfield></datafield><datafield tag="035" ind1=" " ind2=" "><subfield code="a">sdr-miu006822781</subfield></datafield><datafield tag="040" ind1=" " ind2=" "><subfield code="a">MiU</subfield><subfield code="c">MiU</subfield><subfield code="e">amremm</subfield></datafield><datafield tag="041" ind1="0" ind2=" "><subfield code="a">ota</subfield><subfield code="a">ara</subfield><subfield code="a">per</subfield></datafield><datafield tag="043" ind1=" " ind2=" "><subfield code="a">n-us-mi</subfield><subfield code="a">a-su---</subfield></datafield><datafield tag="245" ind1="0" ind2="0"><subfield code="6">880-03</subfield><subfield code="a">[Mecmua,</subfield><subfield code="f">17th century?].</subfield></datafield><datafield tag="260" ind1=" " ind2=" "><subfield code="c">[16--?].</subfield></datafield><datafield tag="300" ind1=" " ind2=" "><subfield code="a">81 leaves :</subfield><subfield code="b">paper ;</subfield><subfield code="c">285 x 180 (200 x 75) mm.</subfield></datafield><datafield tag="500" ind1=" " ind2=" "><subfield code="a">Shelfmark: Ann Arbor, University of Michigan, Special Collections Library, Isl. Ms. 421</subfield></datafield><datafield tag="500" ind1=" " ind2=" "><subfield code="a">Origin: Lacks dated colophon ; paper would suggest first half of 17th century ; ownership statement provides terminus ante quem of 1863.</subfield></datafield><datafield tag="500" ind1=" " ind2=" "><subfield code="a">Former shelfmark: "533 T.De M. [i.e. Tammaro De Marinis]" inscribed in pencil on verso of front flyleaf and opening leaf (p.2).</subfield></datafield><datafield tag="500" ind1=" " ind2=" "><subfield code="a">Binding: Pasteboards covered in dark brown leather ; Type II binding (with flap, though now lost) ; doublures in dark red brown leather with delicately tooled dimond-shaped interlace central ornament and chain pendants with gold-painted rule-borders ; flyleaves and hinges now in pink-tinted laid paper ; upper and lower covers carry large, stamped (with recessed onlays) central mandorla (filled with vegetal composition, compare Déroche class. OAi 6), pendants, and cornerpieces with gold-painted accents, as well as tooled border in a series of s-shaped stamps ; sewn in yellow thread, two stations, sewing failing ; worked chevron endbands in red and yellow, only headband and primaries remain ; overall in somewhat poor condition with loss of flap, abrasion, lifting and losses of leather (particularly spine and onlays of lower cover), cracking and delamination of boards, cover detached from text block at spine, etc. ; spine rebacked in straight-grain brown leather (repair also damaged with portion of spine lining exposed) ; housed in box for protection.</subfield></datafield><datafield tag="500" ind1=" " ind2=" "><subfield code="a">Support: European laid paper with roughly 12 laid lines per cm. (horizontal), chain lines spaced 23-25 mm. apart (vertical) and watermark of crossbow in circle with trefoil above (see p.14, 16, 46, 144, etc. and compare Picard nos. 123860 / Mantua 1628 and 123861 / Roverato 1624), thin crisp and transluscent though sturdy, dark cream in color, well-burnished ; flyleaves in two other European papers (inner with three crescent watermark, outer with three stars in shield watermark).</subfield></datafield><datafield tag="500" ind1=" " ind2=" "><subfield code="a">Decoration: Section headings and keywords rubricated ; overlining in red ink ; astronomical diagrams in red and black ink (see pp.3, 4, 5, 8, 18, 138).</subfield></datafield><datafield tag="500" ind1=" " ind2=" "><subfield code="a">Script: Nastaʻlīq (talik) ; elegant Ottoman hand in a medium line ; serifless with slight effect of words descending to baseline, mainly closed counters, pointing mainly in strokes (rather than distinct dots), some elongation of horizontal strokes, kāf mashqūqah (mashkūlah) preferred with dramatically sweeping shaqq, final yāʼ often mardūdah.</subfield></datafield><datafield tag="500" ind1=" " ind2=" "><subfield code="a">Layout: Written in as many as 23-25 lines per page, with occasional glosses on the diagonal in the margin, in two columns in some places ; sections with poetic excerpts also arranged in two columns ; frame-ruled.</subfield></datafield><datafield tag="500" ind1=" " ind2=" "><subfield code="a">Collation: ii, V (10), 4 (14), V (24), II (28), III+1 (35), IV (43), 2 III(55), 2 IV(71), IV+2 (81), ii ; miscellany of quinions, ternions, quaternions, etc. ; catchwords present ; pagination in pencil, Western numerals, supplied during digitization (includes some flyleaves).</subfield></datafield><datafield tag="500" ind1=" " ind2=" "><subfield code="a">Title supplied by cataloguer.</subfield></datafield><datafield tag="500" ind1=" " ind2=" "><subfield code="a">Ms. codex.</subfield></datafield><datafield tag="505" ind1="0" ind2=" "><subfield code="a">21. p.154-p.162 : [assorted poetic excerpts of Adli, Fevri, etc.].</subfield></datafield><datafield tag="505" ind1="0" ind2=" "><subfield code="a">20. p.145-p.153 : ["Hādhihi Silsilat sanadinā bi-talqīn al-dhikr al-sharīf wa-al-sirr al-laṭīf wa-al-khirqah al-mubārakah...] / ʻAbd al-Raḥmān ibn Muḥammad ibn ʻAlī al-Bisṭāmī.</subfield></datafield><datafield tag="505" ind1="0" ind2=" "><subfield code="a">19. p.140-p.144 : [assorted excerpts on muʻjizāt al-Nabī, ʻilm al-ḥurūf, etc.].</subfield></datafield><datafield tag="505" ind1="0" ind2=" "><subfield code="a">18. p.138-p.140 : [astronomical work].</subfield></datafield><datafield tag="505" ind1="0" ind2=" "><subfield code="a">17. p.137-p.138 : Şerh-i Rical-i gayb.</subfield></datafield><datafield tag="505" ind1="0" ind2=" "><subfield code="a">16. p.136 : Fasl fi rüyet-i Allah.</subfield></datafield><datafield tag="505" ind1="0" ind2=" "><subfield code="a">15. p.130-p.136 : Ḥall al-abyāt allatī waqaʻat fī Khizānat al-anfās al-Qudsīyah.</subfield></datafield><datafield tag="505" ind1="0" ind2=" "><subfield code="a">14. p.127-p.129 : [assorted excerpts].</subfield></datafield><datafield tag="505" ind1="0" ind2=" "><subfield code="a">13. p.125-p.127 : [Sharḥ Dībāchat al-Miṣbāḥ].</subfield></datafield><datafield tag="505" ind1="0" ind2=" "><subfield code="a">12. p.121-p.125 : Dībāchah-ʼi Tārīkh-i Tāj-i Salmān.</subfield></datafield><datafield tag="505" ind1="0" ind2=" "><subfield code="a">11. p.66-p.120 : [assorted poetic excerpts of Fevri, Şemsi, and many others].</subfield></datafield><datafield tag="505" ind1="0" ind2=" "><subfield code="a">10. p.64-p.65 : Sūrat Alif lām mīm sharḥ Makkīyah min Tafāsīr Abū al-Saʻūd / Ebüssuud Efendi.</subfield></datafield><datafield tag="505" ind1="0" ind2=" "><subfield code="a">9. p.54-p.63 : [assorted poetic excerpts of Nati, etc.].</subfield></datafield><datafield tag="505" ind1="0" ind2=" "><subfield code="a">8. p.40-p.53 : [Qaṣīdat al-Burdah with interlinear and marginal takhmīs].</subfield></datafield><datafield tag="505" ind1="0" ind2=" "><subfield code="a">7. p.31-p.40 : [assorted poetic excerpts of Niẓāmī, Figanî Ramazan Çelebi, etc.].</subfield></datafield><datafield tag="505" ind1="0" ind2=" "><subfield code="a">6. p.25-p.30 : [assorted excerpts].</subfield></datafield><datafield tag="505" ind1="0" ind2=" "><subfield code="a">5. p.19-p.24 : Haza Kitab-ı Sultan Mahmut.</subfield></datafield><datafield tag="505" ind1="0" ind2=" "><subfield code="a">4. p.18 : Der beyan-ı kavis-i kuzah.</subfield></datafield><datafield tag="505" ind1="0" ind2=" "><subfield code="a">3. p.9-p.18 : Der beyan-ı menazil-i kamer.</subfield></datafield><datafield tag="505" ind1="0" ind2=" "><subfield code="a">2. p.5-p.8 : Der beyan-ı eflak ve menzil-i büruc.</subfield></datafield><datafield tag="505" ind1="0" ind2=" "><subfield code="a">1. p.4 : Der beyan-ı seyr-i eflak ve nücum.</subfield></datafield><datafield tag="520" ind1="8" ind2=" "><subfield code="a">Careful copy of a collection (mecmua / majmūʻah ) of excerpts and brief works on astronomy, tafsīr, grammar, Ṣūfī thought, etc. along with a great assortment of poetic excerpts, mainly in Turkish but also in Arabic and Persian. Additional excerpts appear in the margins.</subfield></datafield><datafield tag="538" ind1=" " ind2=" "><subfield code="a">Mode of access: Internet.</subfield></datafield><datafield tag="541" ind1=" " ind2=" "><subfield code="c">Purchase ;</subfield><subfield code="a">Acquired by purchase (funds donated by Horace Rackham).</subfield><subfield code="d">1924.</subfield></datafield><datafield tag="546" ind1=" " ind2=" "><subfield code="a">Ottoman Turkish, Arabic and Persian.</subfield></datafield><datafield tag="561" ind1=" " ind2=" "><subfield code="a">Inscriptions in pencil on verso of front flyleaf and opening leaf (p.2) "533 T.De M. [i.e. Tammaro De Marinis]" ; on 'title page' (p.3), ownership statement dated 20 Rabīʻ I 1280 [September 1863] in name of Osman Kethüdazade Seyit İbrahim Ethem Efendizade ( عثمان كتخدازاده السيد ابراهيم ادهم افندى زاده ) with partially effaced oval or circular seal impression ; extensive marginal glosses ; former owners' / users marks on added leaf at close (p.163) include two oval seal impressions (one partially effaced) and signature of the person who entered the preceding poetic excerpts on this page Ahmet el-Mufti [?] ( احمد المفتي ).</subfield></datafield><datafield tag="630" ind1="0" ind2="0"><subfield code="a">Qurʼan</subfield><subfield code="p">Sūrat al-Sajdah</subfield><subfield code="v">Commentaries</subfield><subfield code="v">Early works to 1800.</subfield></datafield><datafield tag="650" ind1=" " ind2="0"><subfield code="a">Manuscripts, Persian</subfield><subfield code="z">Michigan</subfield><subfield code="z">Ann Arbor.</subfield></datafield><datafield tag="650" ind1=" " ind2="0"><subfield code="a">Manuscripts, Arabic</subfield><subfield code="z">Michigan</subfield><subfield code="z">Ann Arbor.</subfield></datafield><datafield tag="650" ind1=" " ind2="0"><subfield code="a">Manuscripts, Turkish</subfield><subfield code="z">Michigan</subfield><subfield code="z">Ann Arbor.</subfield></datafield><datafield tag="650" ind1=" " ind2="0"><subfield code="a">Sufism</subfield><subfield code="v">Early works to 1800.</subfield></datafield><datafield tag="650" ind1=" " ind2="0"><subfield code="a">Turkish poetry</subfield><subfield code="v">Early works to 1800.</subfield></datafield><datafield tag="650" ind1=" " ind2="0"><subfield code="a">Astronomy</subfield><subfield code="v">Early works to 1800.</subfield></datafield><datafield tag="700" ind1="0" ind2=" "><subfield code="a">Abdülhamid</subfield><subfield code="b">II,</subfield><subfield code="c">Sultan of the Turks,</subfield><subfield code="d">1842-1918,</subfield><subfield code="e">former owner.</subfield></datafield><datafield tag="700" ind1="1" ind2="2"><subfield code="a">Bisṭāmī, ʻAbd al-Raḥmān ibn Muḥammad,</subfield><subfield code="d">approximately 1380-1454.</subfield><subfield code="6">880-07</subfield><subfield code="t">Hādhihi Silsilat sanadinā bi-talqīn al-dhikr al-sharīf wa-al-sirr al-laṭīf wa-al-khirqah al-mubārakah.</subfield></datafield><datafield tag="700" ind1="0" ind2="2"><subfield code="a">Abū al-Saʻūd Muḥammad ibn Muḥammad,</subfield><subfield code="d">1492 or 1493-1574 or 1575.</subfield><subfield code="6">880-06</subfield><subfield code="t">Sūrat Alif lām mīm sharḥ Makkīyah min Tafāsīr Abū al-Saʻūd.</subfield></datafield><datafield tag="700" ind1="1" ind2="2"><subfield code="a">Būṣīrī, Sharaf al-Dīn Muḥammad ibn Saʻīd,</subfield><subfield code="d">1213?-1296?</subfield><subfield code="6">880-05</subfield><subfield code="t">Burdah.</subfield></datafield><datafield tag="773" ind1="0" ind2=" "><subfield code="a">Abdul Hamid Collection.</subfield></datafield><datafield tag="880" ind1="1" ind2="2"><subfield code="6">700-07/</subfield><subfield code="a">بسطامي، عبد الرحمن بن محمد.</subfield><subfield code="t">هذه سلسلة سندنا بتلقين الذكر الشريف والسر اللطيف والخرقة المباركة.</subfield></datafield><datafield tag="880" ind1="0" ind2="2"><subfield code="6">700-06/</subfield><subfield code="a">ابو السعود محمد بن محمد.</subfield><subfield code="t">سورة الم شرح مكية من تفاسير ابو السعود.</subfield></datafield><datafield tag="880" ind1="1" ind2="2"><subfield code="6">700-05/</subfield><subfield code="a">بوصيرى، شرف الدين محمد بن سعيد.</subfield><subfield code="t">بردة.</subfield></datafield><datafield tag="880" ind1="0" ind2="0"><subfield code="6">245-03/</subfield><subfield code="a">[مجموعه,</subfield><subfield code="f">القرن 17م؟].</subfield></datafield><datafield tag="CID" ind1=" " ind2=" "><subfield code="a">006822781</subfield></datafield><datafield tag="DAT" ind1="0" ind2=" "><subfield code="a">20190719102640.0</subfield><subfield code="b">20190719000000.0</subfield></datafield><datafield tag="DAT" ind1="1" ind2=" "><subfield code="a">20190719090653.0</subfield><subfield code="b">2019-07-19T16:12:11Z</subfield></datafield><datafield tag="DAT" ind1="2" ind2=" "><subfield code="a">2015-10-02T18:00:03Z</subfield></datafield><datafield tag="CAT" ind1=" " ind2=" "><subfield code="a">SDR-MIU</subfield><subfield code="d">EX LIBRIS - ALEPH</subfield><subfield code="l">prepare.pl-004-008</subfield></datafield><datafield tag="FMT" ind1=" " ind2=" "><subfield code="a">BK</subfield></datafield><datafield tag="HOL" ind1=" " ind2=" "><subfield code="0">sdr-miu006822781</subfield><subfield code="a">MiU</subfield><subfield code="b">SDR</subfield><subfield code="c">MIU</subfield><subfield code="p">mdp.39015079130889</subfield><subfield code="s">MIU</subfield><subfield code="1">006822781</subfield></datafield><datafield tag="974" ind1=" " ind2=" "><subfield code="b">MIU</subfield><subfield code="c">MIU</subfield><subfield code="d">20190719</subfield><subfield code="s">lit-dlps-dc</subfield><subfield code="u">mdp.39015079130889</subfield><subfield code="y">1699</subfield><subfield code="r">pd</subfield><subfield code="q">bib</subfield><subfield code="t">non-US bib date1 &lt; 1896</subfield></datafield></record></collection>